@book{hall,
author="Hall, Brian",
title="Lie Groups, Lie Algebras, and Representations: An Elementary Introduction",
year="2015",
publisher="Springer International Publishing",
address="Cham",
pages="371--405",
isbn="978-3-319-13467-3",
doi="10.1007/978-3-319-13467-3_13",
url="https://doi.org/10.1007/978-3-319-13467-3_13"
}

@book{hatcher,
	author        = "Hatcher, A.",
	title         = "{Algebraic topology}",
	publisher     = "Cambridge Univ. Press",
	address       = "Cambridge",
	year          = "2000",
}

@book{lee,
	author = {Lee, John M.},
	title = {Introduction to Smooth Manifolds},
	year = 2013,
	edition = "Second Edition"
}

@book{oneill,
	author = {O'Neill, Barrett},
	isbn = {0125267401},
	publisher = {Academic Press},
	title = {Semi-Riemannian Geometry With Applications to Relativity, 103, Volume 103 (Pure and Applied Mathematics)},
	year = 1983
}

@online{rational-circle,
	author={Baez, J. and Baker, K.},
	title={This Week's Finds in Mathematical Physics (Week 286)},
	url={https://math.ucr.edu/home/baez/week286.html}}
	
@book{guillemin,
		title={Differential Topology},
		author={Guillemin, V. and Pollack, A.},
		isbn={9780821851937},
		lccn={2010011053},
		series={AMS Chelsea Publishing},
		year={2010},
		publisher={AMS Chelsea Pub.}
	}
	
@book{burago,
	title={A Course in Metric Geometry},
	author={Burago, D. and Burago, I.U.D. and Ivanov, S.},
	isbn={9780821821299},
	lccn={20122062},
	series={Crm Proceedings \& Lecture Notes},
	year={2001},
	publisher={American Mathematical Society}
}

@Inbook{vinberg,
	author="Alekseevskij, D. V.
	and Vinberg, E. B.
	and Solodovnikov, A. S.",
	editor="Vinberg, E. B.",
	title="Geometry of Spaces of Constant Curvature",
	bookTitle="Geometry II: Spaces of Constant Curvature",
	year="1993",
	publisher="Springer Berlin Heidelberg",
	address="Berlin, Heidelberg",
	pages="1--138",
	abstract="Spaces of constant curvature, i.e. Euclidean space, the sphere, and Lobachevskij space, occupy a special place in geometry. They are most accessible to our geometric intuition, making it possible to develop elementary geometry in a way very similar to that used to create the geometry we learned at school. However, since its basic notions can be interpreted in different ways, this geometry can be applied to objects other than the conventional physical space, the original source of our geometric intuition.",
	isbn="978-3-662-02901-5",
	doi="10.1007/978-3-662-02901-5_1",
	url="https://doi.org/10.1007/978-3-662-02901-5_1"
}

@article{seifert,
	ISSN = {0003486X},
	URL = {http://www.jstor.org/stable/2118623},
	author = {Krystyna Kuperberg},
	journal = {Annals of Mathematics},
	number = {3},
	pages = {723--732},
	publisher = {Annals of Mathematics},
	title = {A Smooth Counterexample to the Seifert Conjecture},
	urldate = {2024-06-05},
	volume = {140},
	year = {1994}
}

@book{gri,
  address = {New York },
  author = {Griffiths, Phillip and Harris, Joseph},
  publisher = {John Wiley \& Sons},
  series = {Pure and Applied Mathematics. A Wiley-Interscience Publication.},
  title = {Principles of algebraic geometry },
  year = 1978
}
	
@book{dummit,
  title={Abstract Algebra},
  author={Dummit, D.S. and Foote, R.M.},
  year={2003},
  publisher={Wiley}
}

@book{hatvb,
  author = {Hatcher, A.},
  note = {http://www.math.cornell.edu/\~{}hatcher},
  title = {Vector Bundles and K-Theory},
  year = 2003
}
@misc{chark,
  author        = {Randal-Williams},
  title         = {Charactersic classes and K-theory},
  year          = {2023},
  url		= {https://www.dpmms.cam.ac.uk/~or257/teaching/notes/Kthy_long.pdf}
}	

@book{moshtang,
  title={Cohomology Operations and Applications in Homotopy Theory},
  author={Mosher, R.E. and Tangora, M.C.},
  series={Dover Books on Mathematics Series},
  year={2008},
  publisher={Dover Publications}
}

@book{james,
  title={The Topology of Stiefel Manifolds},
  author={James, I.M.},
  year={1976},
  publisher={Cambridge University Press}
}

@inproceedings{quadratic,
  title={Integral quadratic forms : applications to algebraic geometry},
  author={Igor Dolgachev},
  year={1983},
  url={http://www.numdam.org/article/SB_1982-1983__25__251_0.pdf}
}

@book{tu-smooth,
  title={An Introduction to Manifolds},
  author={Tu, L.W.},
  isbn={9781441973993},
  lccn={2010936466},
  series={Universitext},
  year={2010},
  publisher={Springer New York}
}

