@misc{verbi,
      title={Principles of Locally Conformally Kahler Geometry}, 
      author={Liviu Ornea and Misha Verbitsky},
      year={2024},
      eprint={2208.07188},
      archivePrefix={arXiv},
      primaryClass={math.DG},
      url={https://arxiv.org/abs/2208.07188}, 
}

@book{hall,
author="Hall, Brian",
title="Lie Groups, Lie Algebras, and Representations: An Elementary Introduction",
year="2015",
publisher="Springer International Publishing",
address="Cham",
pages="371--405",
isbn="978-3-319-13467-3",
doi="10.1007/978-3-319-13467-3_13",
url="https://doi.org/10.1007/978-3-319-13467-3_13"
}

@misc{reportdouglas,
  author        = {Michael R. Douglas},
  title         = {Report on the status of the Yang-Mills problem},
  year          = {2003},
}

@book{hatcher,
	author        = "Hatcher, A.",
	title         = "{Algebraic topology}",
	publisher     = "Cambridge Univ. Press",
	address       = "Cambridge",
	year          = "2000",
}

@book{lee,
	author = {Lee, John M.},
	title = {Introduction to Smooth Manifolds},
	year = 2013,
	edition = "Second Edition"
}

@book{oneill,
	author = {O'Neill, Barrett},
	isbn = {0125267401},
	publisher = {Academic Press},
	title = {Semi-Riemannian Geometry With Applications to Relativity, 103, Volume 103 (Pure and Applied Mathematics)},
	year = 1983
}

@online{rational-circle,
	author={Baez, J. and Baker, K.},
	title={This Week's Finds in Mathematical Physics (Week 286)},
	url={https://math.ucr.edu/home/baez/week286.html}}
	
@book{guillemin,
		title={Differential Topology},
		author={Guillemin, V. and Pollack, A.},
		isbn={9780821851937},
		lccn={2010011053},
		series={AMS Chelsea Publishing},
		year={2010},
		publisher={AMS Chelsea Pub.}
	}
	
@book{burago,
	title={A Course in Metric Geometry},
	author={Burago, D. and Burago, I.U.D. and Ivanov, S.},
	isbn={9780821821299},
	lccn={20122062},
	series={Crm Proceedings \& Lecture Notes},
	year={2001},
	publisher={American Mathematical Society}
}

@Inbook{vinberg,
	author="Alekseevskij, D. V.
	and Vinberg, E. B.
	and Solodovnikov, A. S.",
	editor="Vinberg, E. B.",
	title="Geometry of Spaces of Constant Curvature",
	bookTitle="Geometry II: Spaces of Constant Curvature",
	year="1993",
	publisher="Springer Berlin Heidelberg",
	address="Berlin, Heidelberg",
	pages="1--138",
	abstract="Spaces of constant curvature, i.e. Euclidean space, the sphere, and Lobachevskij space, occupy a special place in geometry. They are most accessible to our geometric intuition, making it possible to develop elementary geometry in a way very similar to that used to create the geometry we learned at school. However, since its basic notions can be interpreted in different ways, this geometry can be applied to objects other than the conventional physical space, the original source of our geometric intuition.",
	isbn="978-3-662-02901-5",
	doi="10.1007/978-3-662-02901-5_1",
	url="https://doi.org/10.1007/978-3-662-02901-5_1"
}

@article{seifert,
	ISSN = {0003486X},
	URL = {http://www.jstor.org/stable/2118623},
	author = {Krystyna Kuperberg},
	journal = {Annals of Mathematics},
	number = {3},
	pages = {723--732},
	publisher = {Annals of Mathematics},
	title = {A Smooth Counterexample to the Seifert Conjecture},
	urldate = {2024-06-05},
	volume = {140},
	year = {1994}
}

@book{gri,
  address = {New York },
  author = {Griffiths, Phillip and Harris, Joseph},
  publisher = {John Wiley \& Sons},
  series = {Pure and Applied Mathematics. A Wiley-Interscience Publication.},
  title = {Principles of algebraic geometry },
  year = 1978
}
	
@book{dummit,
  title={Abstract Algebra},
  author={Dummit, D.S. and Foote, R.M.},
  year={2003},
  publisher={Wiley}
}

@book{hatvb,
  author = {Hatcher, A.},
  note = {http://www.math.cornell.edu/\~{}hatcher},
  title = {Vector Bundles and K-Theory},
  year = 2003
}

@misc{chark,
  author        = {Randal-Williams},
  title         = {Charactersic classes and K-theory},
  year          = {2023},
  url		= {https://www.dpmms.cam.ac.uk/~or257/teaching/notes/Kthy_long.pdf}
}	

@book{moshtang,
  title={Cohomology Operations and Applications in Homotopy Theory},
  author={Mosher, R.E. and Tangora, M.C.},
  series={Dover Books on Mathematics Series},
  year={2008},
  publisher={Dover Publications}
}

@book{james,
  title={The Topology of Stiefel Manifolds},
  author={James, I.M.},
  year={1976},
  publisher={Cambridge University Press}
}

@inproceedings{quadratic,
  title={Integral quadratic forms : applications to algebraic geometry},
  author={Igor Dolgachev},
  year={1983},
  url={http://www.numdam.org/article/SB_1982-1983__25__251_0.pdf}
}

@book{tus,
  title={An Introduction to Manifolds},
  author={Tu, L.W.},
  isbn={9781441973993},
  lccn={2010936466},
  series={Universitext},
  year={2010},
  publisher={Springer New York}
}
@book{tu-smooth,
  title={An Introduction to Manifolds},
  author={Tu, L.W.},
  isbn={9781441973993},
  lccn={2010936466},
  series={Universitext},
  year={2010},
  publisher={Springer New York}
}

@book{tud,
  title={Differential Geometry: Connections, Curvature, and Characteristic Classes},
  author={Tu, L.W.},
  isbn={9783319550848},
  series={Graduate Texts in Mathematics},
  year={2017},
  publisher={Springer International Publishing}
}
@book{tu-diff,
  title={Differential Geometry: Connections, Curvature, and Characteristic Classes},
  author={Tu, L.W.},
  isbn={9783319550848},
  series={Graduate Texts in Mathematics},
  year={2017},
  publisher={Springer International Publishing}
}

@book{das,
  title={Lectures on Symplectic Geometry},
  author={da Silva, A.C.},
  number={no. 1764},
  isbn={9783540421955},
  lccn={2008924358},
  series={Lecture Notes in Mathematics},
  year={2001},
  publisher={Springer}
}

@article{mori,
author = {Shigefumi Mori},
title = {{On degrees and genera of curves on smooth quartic surfaces in ${\bf P}^3$}},
volume = {96},
journal = {Nagoya Mathematical Journal},
publisher = {Nagoya Mathematical Journal},
pages = {127 -- 132},
year = {1984}
}
@article{saint-donat,
  title={Projective Models of K - 3 Surfaces},
  author={B. Saint-Donat},
  journal={American Journal of Mathematics},
  year={1974},
  volume={96},
  pages={602}}

@book{beauville,
	place={Cambridge}, edition={2}, series={London Mathematical Society Student Texts}, title={Complex Algebraic Surfaces}, publisher={Cambridge University Press}, author={Beauville, Arnaud}, year={1996}, collection={London Mathematical Society Student Texts}} <div></div>}

@misc{wang,
  author = {Wang, Quoqin},
  title = {Lecture notes in Symplectic Geometry (Lecture 12)},
  url = {http://staff.ustc.edu.cn/~wangzuoq/Courses/15S-Symp/SympGeom.html}
}

@book{huyk3,
  title={Lectures on K3 Surfaces},
  author={Huybrechts, D.},
  isbn={9781107153042},
  lccn={2016019204},
  series={Cambridge Studies in Advanced Mathematics},
  year={2016},
  publisher={Cambridge University Press}
}

@book{zo1,
  title={Mathematical Analysis I},
  author={Zorich, V.A. and Cooke, R.},
  isbn={9783540403869},
  lccn={2003061758},
  series={Mathematical Analysis},
  year={2004},
  publisher={Springer}
}

	#For home assignment 6 in K3
@article{boothby,
 ISSN = {00029947},
 URL = {http://www.jstor.org/stable/1994789},
 author = {William M. Boothby},
 journal = {Transactions of the American Mathematical Society},
 pages = {93--100},
 publisher = {American Mathematical Society},
 title = {Transitivity of the Automorphisms of Certain Geometric Structures},
 urldate = {2024-11-11},
 volume = {137},
 year = {1969}
}

@book{wood,
  title={Geometric Quantization},
  author={Woodhouse, N.M.J.},
  isbn={9780198535287},
  lccn={lc80040062},
  series={Oxford mathematical monographs},
  year={1980},
  publisher={Clarendon Press}
}

@book{hallq,
  title={Quantum Theory for Mathematicians},
  author={Hall, B.C.},
  isbn={9781461471165},
  series={Graduate Texts in Mathematics},
  year={2013},
  publisher={Springer New York}
}

@misc{verbi,
      title={Principles of Locally Conformally Kahler Geometry}, 
      author={Liviu Ornea and Misha Verbitsky},
      year={2024},
      eprint={2208.07188},
      archivePrefix={arXiv},
      primaryClass={math.DG},
      url={https://arxiv.org/abs/2208.07188}, 
}

@book{lec,
  title={Introduction to Complex Manifolds},
  author={Lee, J.M.},
  isbn={9781470476953},
  lccn={2024011524},
  series={Graduate Studies in Mathematics},
  year={2024},
  publisher={American Mathematical Society}
}
@book{leec,
  title={Introduction to Complex Manifolds},
  author={Lee, J.M.},
  isbn={9781470476953},
  lccn={2024011524},
  series={Graduate Studies in Mathematics},
  year={2024},
  publisher={American Mathematical Society}
}

@book{milnorch,
  title={Characteristic Classes},
  author={Milnor, J.W. and Stasheff, J.D.},
  isbn={9780691081229},
  lccn={lc72004050},
  series={Annals of mathematics studies},
  year={1974},
  publisher={Princeton University Press}
}

@misc{sg,
  author        = {Bursztyn, H. and Macarini, L.},
  title         = {Introdução a Geomeria Simplética},
  year          = {2006},
  url		= {https://w3.impa.br/~henrique/papers/EGD2806.pdf}
}

@book{arn,
  title={Mathematical Methods of Classical Mechanics},
  author={Arnold, V.I. and Vogtmann, K. and Weinstein, A.},
  isbn={9781475716931},
  series={Graduate Texts in Mathematics},
  year={2013},
  publisher={Springer New York}
}

@inproceedings{yangmills,
  title={Quantum Yang-Mills theory},
  author={Arthur Jaffe and Edward Witten},
  year={2000},
}
